@article{KhanejaGlasser,
  title = {Time optimal control in spin systems},
  author = {Khaneja, Navin and Brockett, Roger and Glaser, Steffen J.},
  journal = {Phys. Rev. A},
  volume = {63},
  issue = {3},
  pages = {032308},
  numpages = {13},
  year = {2001},
  month = {Feb},
  publisher = {American Physical Society},
  doi = {10.1103/PhysRevA.63.032308},
  url = {https://link.aps.org/doi/10.1103/PhysRevA.63.032308}
}

@inproceedings{Cartan,
  title={Les groupes r{\'e}els simples, finis et continus},
  author={Cartan, {\'E}lie},
  booktitle={Annales scientifiques de l'{\'E}cole Normale Sup{\'e}rieure},
  volume={31},
  pages={263--355},
  year={1914}
}

@article{orus2019tensor,
  title={Tensor networks for complex quantum systems},
  author={Or{\'u}s, Rom{\'a}n},
  journal={Nature Reviews Physics},
  volume={1},
  number={9},
  pages={538--550},
  year={2019},
  publisher={Nature Publishing Group}
}
@article{chan2018solution,
  title={Solution of a minimal model for many-body quantum chaos},
  author={Chan, Amos and De Luca, Andrea and Chalker, JT},
  journal={Physical Review X},
  volume={8},
  number={4},
  pages={041019},
  year={2018},
  publisher={APS}
}
@article{divakaran1980decomposition,
  title={A decomposition theorem for SU (n) and its application to CP-violation through quark mass diagonalisation},
  author={Divakaran, PP and Ramachandran, R},
  journal={Pramana},
  volume={14},
  number={1},
  pages={47--56},
  year={1980},
  publisher={Springer}
}

@article{Bertini1,
  title = {Exact Correlation Functions for Dual-Unitary Lattice Models in $1+1$ Dimensions},
  author = {Bertini, Bruno and Kos, Pavel and Prosen, Toma\ifmmode \check{z}\else \v{z}\fi{}},
  journal = {Phys. Rev. Lett.},
  volume = {123},
  issue = {21},
  pages = {210601},
  numpages = {6},
  year = {2019},
  month = {Nov},
  publisher = {American Physical Society},
  doi = {10.1103/PhysRevLett.123.210601},
  url = {https://link.aps.org/doi/10.1103/PhysRevLett.123.210601}
}

